<?xml version="1.0" encoding="UTF-8"?><record xmlns="http://www.loc.gov/MARC21/slim" xmlns:cinclude="http://apache.org/cocoon/include/1.0" xmlns:zs="http://www.loc.gov/zing/srw/">
  <leader>01432cz  a2200253n  4500</leader>
  <controlfield tag="001">n  50080873 </controlfield>
  <controlfield tag="003">DLC</controlfield>
  <controlfield tag="005">20040520052147.0</controlfield>
  <controlfield tag="008">810212n| acannaabn          |a ana      </controlfield>
  <datafield tag="010" ind1=" " ind2=" ">
    <subfield code="a">n  50080873 </subfield>
  </datafield>
  <datafield tag="035" ind1=" " ind2=" ">
    <subfield code="a">(OCoLC)oca00114436</subfield>
  </datafield>
  <datafield tag="040" ind1=" " ind2=" ">
    <subfield code="a">DLC</subfield>
    <subfield code="c">DLC</subfield>
    <subfield code="d">OrU</subfield>
    <subfield code="d">WaU</subfield>
    <subfield code="d">InU</subfield>
  </datafield>
  <datafield tag="110" ind1="2" ind2=" ">
    <subfield code="a">United Nations Development Programme.</subfield>
    <subfield code="b">Special Fund Component</subfield>
  </datafield>
  <datafield tag="410" ind1="2" ind2=" ">
    <subfield code="a">United Nations Development Programme.</subfield>
    <subfield code="b">Élément Fonds spécial</subfield>
  </datafield>
  <datafield tag="410" ind1="2" ind2=" ">
    <subfield code="a">United Nations Development Programme.</subfield>
    <subfield code="b">Secteur du Fonds spécial</subfield>
  </datafield>
  <datafield tag="410" ind1="2" ind2=" ">
    <subfield code="a">United Nations Development Programme.</subfield>
    <subfield code="b">Sector Fondo Especial</subfield>
  </datafield>
  <datafield tag="410" ind1="2" ind2=" ">
    <subfield code="a">United Nations Development Programme.</subfield>
    <subfield code="b">Fondo Especial</subfield>
  </datafield>
  <datafield tag="410" ind1="2" ind2=" ">
    <subfield code="a">United Nations Development Programme.</subfield>
    <subfield code="b">Special Fund</subfield>
  </datafield>
  <datafield tag="410" ind1="2" ind2=" ">
    <subfield code="w">nnaa</subfield>
    <subfield code="a">United Nations.</subfield>
    <subfield code="b">Development Programme.</subfield>
    <subfield code="b">Special Fund Component</subfield>
  </datafield>
  <datafield tag="410" ind1="2" ind2=" ">
    <subfield code="a">UNDP/SF</subfield>
  </datafield>
  <datafield tag="410" ind1="2" ind2=" ">
    <subfield code="a">United Nations Development Programme.</subfield>
    <subfield code="b">Special Fund Sector</subfield>
  </datafield>
  <datafield tag="670" ind1=" " ind2=" ">
    <subfield code="a">Report of the ninth meeting of the Rhinoceros Beetle Operations Board, 1972:</subfield>
    <subfield code="b">t.p. (UNDP (SF)/SPC Project for Research on the Control of the Coconut Palm Rhinoceros Beetle)</subfield>
  </datafield>
  <datafield tag="670" ind1=" " ind2=" ">
    <subfield code="a">Surveys, demonstration, and planning of water resources utilization, Cyprus, 1971:</subfield>
    <subfield code="b">p. iii (United Nations Development Programme (Special Fund Sector)) t.p. verso (UNDP/SF)</subfield>
  </datafield>
  <datafield tag="670" ind1=" " ind2=" ">
    <subfield code="a">École des arts et métiers, Beyrouth, Liban, 1968:</subfield>
    <subfield code="b">t.p. (Programme des Nations Unies pour le développement, Secteur du Fonds spécial)</subfield>
  </datafield>
</record>